<?xml version="1.0" encoding="UTF-8"?><collection xmlns="http://www.loc.gov/MARC21/slim"><record><leader>00310nam--2200133-i-4500</leader><controlfield tag="001">000016261</controlfield><controlfield tag="002">20161230</controlfield><controlfield tag="005">20161230201031</controlfield><controlfield tag="008">060222s1000------------r-----000-0-eng-d</controlfield><datafield ind1=" " ind2=" " tag="080"><subfield code="a">53.61</subfield></datafield><datafield ind1=" " ind2=" " tag="100"><subfield code="a">Bainglass, S</subfield></datafield><datafield ind1=" " ind2=" " tag="245"><subfield code="a">Fizica medicala</subfield></datafield><datafield ind1=" " ind2=" " tag="260"><subfield code="a">Bucuresti,Editura Medicala, 1956. 740 P</subfield></datafield><datafield ind1=" " ind2=" " tag="852"><subfield code="a">76440</subfield></datafield></record></collection>